%% This BibTeX bibliography file was created using BibDesk.
%% http://bibdesk.sourceforge.net/


%% Created for Caius Brindescu at 2013-03-05 13:31:56 -0600 


%% Saved with string encoding Unicode (UTF-8) 


%%brand2005information,
@article{brand2005information,
  title={Information problem solving by experts and novices: Analysis of a complex cognitive skill},
  author={Brand-Gruwel, Saskia and Wopereis, Iwan and Vermetten, Yvonne},
  journal={Computers in Human Behavior},
  volume={21},
  number={3},
  pages={487--508},
  year={2005},
  publisher={Elsevier}
}

%%deek1999common,
@article{deek1999common,
  title={A common model for problem solving and program development},
  author={Deek, Fadi P and Turoff, Murray and McHugh, James A},
  journal={Education, IEEE Transactions on},
  volume={42},
  number={4},
  pages={331--336},
  year={1999},
  publisher={IEEE}
}

%%lahtinen2005study
@inproceedings{lahtinen2005study,
  title={A study of the difficulties of novice programmers},
  author={Lahtinen, Essi and Ala-Mutka, Kirsti and J{\"a}rvinen, Hannu-Matti},
  booktitle={ACM SIGCSE Bulletin},
  volume={37},
  number={3},
  pages={14--18},
  year={2005},
  organization={ACM}
}

%%lazonder2008information
@article{lazonder2008information,
  title={Information problem solving instruction: Some cognitive and metacognitive issues},
  author={Lazonder, Ard W and Rouet, Jean-Fran{\c{c}}ois},
  journal={Computers in Human Behavior},
  volume={24},
  number={3},
  pages={753--765},
  year={2008},
  publisher={Elsevier}
}

%%murphy2006women
@article{murphy2006women,
  title={Women catch up: gender differences in learning programming concepts},
  author={Murphy, Laurie and Richards, Brad and McCauley, Ren{\'e}e and Morrison, Briana B and Westbrook, Suzanne and Fossum, Timothy},
  journal={ACM SIGCSE Bulletin},
  volume={38},
  number={1},
  pages={17--21},
  year={2006},
  publisher={ACM}
}

%%fincher1999we
@inproceedings{fincher1999we,
  title={What are we doing when we teach programming?},
  author={Fincher, Sally},
  booktitle={Frontiers in Education Conference, 1999. FIE'99. 29th Annual},
  volume={1},
  pages={12A4--1},
  year={1999},
  organization={IEEE}
}
%%pane1996usability
@techreport{pane1996usability,
  title={Usability issues in the design of novice programming systems},
  author={Pane, John and Myers, Brad},
  year={1996},
  institution={School of computer science technical report CMU-CS-96-132, Carnegie Mellon University}
}

%%robins2003learning
@article{robins2003learning,
  title={Learning and teaching programming: A review and discussion},
  author={Robins, Anthony and Rountree, Janet and Rountree, Nathan},
  journal={Computer Science Education},
  volume={13},
  number={2},
  pages={137--172},
  year={2003},
  publisher={Taylor \& Francis}
}

%%soloway1989studying
@book{soloway1989studying,
  title={Studying the novice programmer},
  author={Soloway, Elliot and Spohrer, James C},
  year={1989},
  publisher={Lawrence Erlbaum Hillsdale, NJ}
}

%%winslow1996programming
@article{winslow1996programming,
  title={Programming pedagogy—a psychological overview},
  author={Winslow, Leon E},
  journal={ACM SIGCSE Bulletin},
  volume={28},
  number={3},
  pages={17--22},
  year={1996},
  publisher={ACM}
}

%%mayer1981psychology
@article{mayer1981psychology,
  title={The psychology of how novices learn computer programming},
  author={Mayer, Richard E},
  journal={ACM Computing Surveys (CSUR)},
  volume={13},
  number={1},
  pages={121--141},
  year={1981},
  publisher={ACM}
}

%%okur2012developers
@inproceedings{okur2012developers,
  title={How do Developers use Parallel Libraries?},
  author={Okur, Semih and Dig, Danny},
  year={2012},
  organization={FSE}
}

%%milne2002difficulties
@article{milne2002difficulties,
  title={Difficulties in learning and teaching programming—views of students and tutors},
  author={Milne, Iain and Rowe, Glenn},
  journal={Education and Information technologies},
  volume={7},
  number={1},
  pages={55--66},
  year={2002},
  publisher={Springer}
}

@inproceedings{moreno2004visualizing,
  title={Visualizing programs with Jeliot 3},
  author={Moreno, Andr{\'e}s and Myller, Niko and Sutinen, Erkki and Ben-Ari, Mordechai},
  booktitle={Proceedings of the working conference on Advanced visual interfaces},
  pages={373--376},
  year={2004},
  organization={ACM}
}