@phdthesis{Tang2011,
author = {Tang, Mason},
file = {:Users/caius/uiuc/classes\_taken/cs565/papers/project/masont-thesis.pdf:pdf},
number = {2010},
school = {Massachusetts Institute of Technology},
title = {{Caesar: a social code review tool for programming education}},
type = {Masters},
url = {http://web.mit.edu/masont/Public/thesis.pdf},
year = {2011}
}
@phdthesis{Ponzanelli2012,
author = {Ponzanelli, Luca},
file = {:Users/caius/uiuc/classes\_taken/cs565/papers/project/Ponz2012a.pdf:pdf},
number = {June},
title = {{Exploiting Crowd Knowledge in the IDE}},
year = {2012}
}
@article{Bacchelli2013,
author = {Bacchelli, Alberto and Bird, Christian},
file = {:Users/caius/uiuc/classes\_taken/cs565/papers/project/bacchelli2013eoc.pdf:pdf},
journal = {International Conference on Software Engineering},
title = {{Expectations, Outcomes, and Challenges of Modern Code Review}},
url = {http://www.inf.usi.ch/phd/bacchelli/publications/icse2013.pdf},
year = {2013}
}
@inproceedings{Ponzanelli2013,
author = {Ponzanelli, Luca and Bacchelli, Alberto and Lanza, Michele},
booktitle = {17th European Conference on Software Maintenance and Reengineering},
file = {:Users/caius/uiuc/classes\_taken/cs565/papers/project/Ponz2013a.pdf:pdf},
keywords = {q-a,recommendation systems,services},
title = {{Leveraging Crowd Knowledge for Software Comprehension and Development}},
url = {http://www.inf.usi.ch/phd/ponzanelli/profiles/ponzanelli/publications/Ponz2013a/Ponz2013a.pdf},
year = {2013}
}
@article{Mamykina2011,
address = {New York, New York, USA},
author = {Mamykina, Lena and Manoim, Bella and Mittal, Manas},
doi = {10.1145/1978942.1979366},
file = {:Users/caius/uiuc/classes\_taken/cs565/papers/project/p2857-mamykina.pdf:pdf},
isbn = {9781450302289},
journal = {Proceedings of the \ldots},
pages = {2857},
publisher = {ACM Press},
title = {{Design lessons from the fastest q\&a site in the west}},
url = {http://dl.acm.org/citation.cfm?doid=1978942.1979366 http://dl.acm.org/citation.cfm?id=1979366},
year = {2011}
}
